@article{loecher2022,
    author = "Markus Loecher",
    title = "Unbiased Variable Importance for Random Foests",
    journal = "Communications in Statistics-Theory and Methods" ,
    year = "2022" 
}

@article{UFI,
    author = "Zhengze Zhou and Giles Hooker",
    title = "Unbiased Measurement of Feature Importance in Tree-Based Methods" ,
    journal = "ACM Transactions on Knowledge Discovery from Data (TKDD)",
    year = "2021"
}

@article{MDI-oob,
    author = "Xiao Li and Yu Wang and Samantha Basu and Karl Kumbier and Bin Yu",
    title = "A Debiased MDI Feature Importance Measure for Random Forests",
    journal = "Advances in Neural Information Processing Systems",
    year = "2019"
}

@article{Louppe2021,
    author = "Antonio Sutera and Gilles Louppe and Van Anh Huynh-Thu and Louis Wehenkel and Pierre Geurts",
    title = "From global to local MDI variable importances for random forests and when they are Shapley values",
    journal = "Advances in Neural Information Processing Systems",
    year = "2021"
}